<?xml version="1.0" encoding="UTF-8"?><collection xmlns="http://www.loc.gov/MARC21/slim"><record><leader>00522nam--2200193-u-4500</leader><controlfield tag="001">000053818</controlfield><controlfield tag="002">20161230</controlfield><controlfield tag="005">20161230201051</controlfield><controlfield tag="008">110622s1000------------r-----000-0-rus-d</controlfield><datafield ind1=" " ind2=" " tag="040"><subfield code="a">IFIN-HH</subfield></datafield><datafield ind1=" " ind2=" " tag="041"><subfield code="a">rus</subfield></datafield><datafield ind1=" " ind2=" " tag="080"><subfield code="a">535.42</subfield></datafield><datafield ind1="1" ind2=" " tag="100"><subfield code="a">Voitovici, N.N</subfield></datafield><datafield ind1="1" ind2="0" tag="245"><subfield code="a">Obobsennih metod sobstvennih kolebanii v teorii difraktii</subfield><subfield code="c">N.n. voitovici; b.z. katenelenbaum; a.n. sivov</subfield></datafield><datafield ind1=" " ind2=" " tag="260"><subfield code="a">Moskva</subfield><subfield code="b">Nauka</subfield><subfield code="c">1977</subfield></datafield><datafield ind1=" " ind2=" " tag="300"><subfield code="a">416P</subfield></datafield><datafield ind1="1" ind2=" " tag="700"><subfield code="a">Sivov, A.N</subfield></datafield><datafield ind1=" " ind2=" " tag="852"><subfield code="a">46633</subfield><subfield code="c">537:538</subfield></datafield><datafield ind1=" " ind2=" " tag="CAT"><subfield code="a">Sys</subfield><subfield code="c">20110622</subfield><subfield code="h">154543</subfield></datafield></record></collection>